<record><leader>00000cas a22000007a 4500</leader><controlfield tag="001">15028135</controlfield><controlfield tag="008">861231c19799999caumr ne      0   a0eng d</controlfield><datafield ind1=" " ind2=" " tag="010"><subfield code="a">sn 86003565 </subfield></datafield><datafield ind1=" " ind2=" " tag="040"><subfield code="a">NSD</subfield><subfield code="b">eng</subfield><subfield code="c">NSD</subfield><subfield code="d">OCLCQ</subfield></datafield><datafield ind1=" " ind2=" " tag="012"><subfield code="j">0</subfield><subfield code="l">1</subfield></datafield><datafield ind1="1" ind2=" " tag="022"><subfield code="a">0891-8627</subfield><subfield code="l">0891-8627</subfield><subfield code="2">1</subfield></datafield><datafield ind1=" " ind2=" " tag="037"><subfield code="b">Random Lengths, P.O. Box 731, San Pedro, CA 90733</subfield></datafield><datafield ind1=" " ind2=" " tag="042"><subfield code="a">nsdp</subfield></datafield><datafield ind1=" " ind2="0" tag="222"><subfield code="a">Random lengths</subfield><subfield code="b">(San Pedro, Calif.)</subfield></datafield><datafield ind1="0" ind2="0" tag="245"><subfield code="a">Random lengths.</subfield></datafield><datafield ind1=" " ind2=" " tag="260"><subfield code="a">San Pedro, CA :</subfield><subfield code="b">Random Lengths</subfield></datafield><datafield ind1=" " ind2=" " tag="310"><subfield code="a">Monthly</subfield></datafield><datafield ind1="1" ind2=" " tag="362"><subfield code="a">Began winter 1979.</subfield></datafield><datafield ind1=" " ind2=" " tag="588"><subfield code="a">Description based on: Vol. 7, issue 13, (Dec. 1986).</subfield></datafield><datafield ind1=" " ind2=" " tag="752"><subfield code="a">United States</subfield><subfield code="b">California</subfield><subfield code="c">Los Angeles</subfield><subfield code="d">San Pedro.</subfield></datafield><datafield ind1="1" ind2=" " tag="029"><subfield code="a">AU@</subfield><subfield code="b">000025821631</subfield></datafield></record>